<?xml version="1.0" encoding="UTF-8"?><collection xmlns="http://www.loc.gov/MARC21/slim"><record><leader>00611nam--2200193-i-4500</leader><controlfield tag="001">000044004</controlfield><controlfield tag="002">20161230</controlfield><controlfield tag="005">20161230201044</controlfield><controlfield tag="008">060222s1000------------r-----000-0-eng-d</controlfield><datafield ind1=" " ind2=" " tag="040"><subfield code="a">IFIN-HH</subfield></datafield><datafield ind1=" " ind2=" " tag="080"><subfield code="a">536.24</subfield></datafield><datafield ind1="1" ind2=" " tag="110"><subfield code="a">American Institute Of Chemical Engineers</subfield></datafield><datafield ind1="1" ind2="0" tag="245"><subfield code="a">Proceedings of the third international heat transfer conference</subfield><subfield code="b">Chicago, illinois, august 7-12, 1966, edgewater beach hotel</subfield></datafield><datafield ind1=" " ind2=" " tag="260"><subfield code="a">New York</subfield><subfield code="b">The Science Press, Inc</subfield><subfield code="c">1966</subfield></datafield><datafield ind1=" " ind2=" " tag="300"><subfield code="a">6 VOLUME</subfield></datafield><datafield ind1=" " ind2=" " tag="490"><subfield code="a">Proceedings</subfield></datafield><datafield ind1="1" ind2=" " tag="787"><subfield code="a">Vol. Vi</subfield><subfield code="h">367p</subfield><subfield code="t">Papers 1-177</subfield></datafield><datafield ind1=" " ind2=" " tag="852"><subfield code="a">28125</subfield><subfield code="c">536</subfield></datafield><datafield ind1=" " ind2=" " tag="CAT"><subfield code="a">Sys</subfield><subfield code="c">20110506</subfield><subfield code="h">120707</subfield></datafield></record></collection>